@inproceedings{bertsimas2014statistics,
  title={Statistics and machine learning via a modern optimization lens},
  author={Bertsimas, Dimitris},
  booktitle={INFORMS Annual Meeting},
  year={2014}
}


@article{ostrowski2011solving,
  title={Solving large Steiner triple covering problems},
  author={Ostrowski, James and Linderoth, Jeff and Rossi, Fabrizio and Smriglio, Stefano},
  journal={Operations Research Letters},
  volume={39},
  number={2},
  pages={127--131},
  year={2011},
  publisher={Elsevier}
}

@article{linderoth2009improving,
  title={Improving bounds on the football pool problem by integer programming and high-throughput computing},
  author={Linderoth, Jeff and Margot, Fran{\c{c}}ois and Thain, Greg},
  journal={INFORMS Journal on Computing},
  volume={21},
  number={3},
  pages={445--457},
  year={2009},
  publisher={INFORMS}
}


@ARTICLE{2020arXiv200713788H,
       author = {{Hauke}, Philipp and {Mattiotti}, Giovanni and {Faccioli}, Pietro},
        title = "{Dominant Reaction Pathways by Quantum Computing}",
      journal = {arXiv e-prints},
     keywords = {Quantum Physics, Condensed Matter - Disordered Systems and Neural Networks, Physics - Biological Physics},
         year = 2020,
        month = jul,
          eid = {arXiv:2007.13788},
        pages = {arXiv:2007.13788},
archivePrefix = {arXiv},
       eprint = {2007.13788},
 primaryClass = {quant-ph},
       adsurl = {https://ui.adsabs.harvard.edu/abs/2020arXiv200713788H},
      adsnote = {Provided by the SAO/NASA Astrophysics Data System}
}

@ARTICLE{2020RPPh...83e4401H,
       author = {{Hauke}, Philipp and {Katzgraber}, Helmut G. and {Lechner}, Wolfgang and
         {Nishimori}, Hidetoshi and {Oliver}, William D.},
        title = "{Perspectives of quantum annealing: methods and implementations}",
      journal = {Reports on Progress in Physics},
     keywords = {review, quantum annealing, adiabatic quantum optimization, Quantum Physics},
         year = 2020,
        month = may,
       volume = {83},
       number = {5},
          eid = {054401},
        pages = {054401},
          doi = {10.1088/1361-6633/ab85b8},
archivePrefix = {arXiv},
       eprint = {1903.06559},
 primaryClass = {quant-ph},
       adsurl = {https://ui.adsabs.harvard.edu/abs/2020RPPh...83e4401H},
      adsnote = {Provided by the SAO/NASA Astrophysics Data System}
}

% tabu search
@article{GLOVER1986533,
title = {Future paths for integer programming and links to artificial intelligence},
journal = {Computers \& Operations Research},
volume = {13},
number = {5},
pages = {533 - 549},
year = {1986},
note = {Applications of Integer Programming},
issn = {0305-0548},
doi = {https://doi.org/10.1016/0305-0548(86)90048-1},
url = {http://www.sciencedirect.com/science/article/pii/0305054886900481},
author = {Glover, Fred},
}


@article{doi:10.1287/ijoc.1.3.190,
author = {Glover, Fred},
title = {Tabu Search—Part I},
journal = {ORSA Journal on Computing},
volume = {1},
number = {3},
pages = {190-206},
year = {1989},
doi = {10.1287/ijoc.1.3.190},
URL = {https://doi.org/10.1287/ijoc.1.3.190},
eprint = {https://doi.org/10.1287/ijoc.1.3.190}
}

@article{doi:10.1287/ijoc.2.1.4,
author = {Glover, Fred},
title = {Tabu Search—Part II},
journal = {ORSA Journal on Computing},
volume = {2},
number = {1},
pages = {4-32},
year = {1990},
doi = {10.1287/ijoc.2.1.4},
URL = {https://doi.org/10.1287/ijoc.2.1.4},
eprint = {https://doi.org/10.1287/ijoc.2.1.4}
}

%floppy qubits
@ARTICLE{2016PhRvA..93e2320K,
       author = {{King}, Andrew D. and {Hoskinson}, Emile and {Lanting}, Trevor and
         {Andriyash}, Evgeny and {Amin}, Mohammad H.},
        title = "{Degeneracy, degree, and heavy tails in quantum annealing}",
      journal = {\pra},
     keywords = {Quantum Physics},
         year = 2016,
        month = may,
       volume = {93},
       number = {5},
          eid = {052320},
        pages = {052320},
          doi = {10.1103/PhysRevA.93.052320},
archivePrefix = {arXiv},
       eprint = {1512.07325},
 primaryClass = {quant-ph},
       adsurl = {https://ui.adsabs.harvard.edu/abs/2016PhRvA..93e2320K},
      adsnote = {Provided by the SAO/NASA Astrophysics Data System}
}

@ARTICLE{2017PhRvL.118g0502M,
       author = {{Mandr{\`a}}, Salvatore and {Zhu}, Zheng and {Katzgraber}, Helmut G.},
        title = "{Exponentially Biased Ground-State Sampling of Quantum Annealing Machines with Transverse-Field Driving Hamiltonians}",
      journal = {\prl},
     keywords = {Quantum Physics, Condensed Matter - Disordered Systems and Neural Networks, Physics - Computational Physics},
         year = 2017,
        month = feb,
       volume = {118},
       number = {7},
          eid = {070502},
        pages = {070502},
          doi = {10.1103/PhysRevLett.118.070502},
archivePrefix = {arXiv},
       eprint = {1606.07146},
 primaryClass = {quant-ph},
       adsurl = {https://ui.adsabs.harvard.edu/abs/2017PhRvL.118g0502M},
      adsnote = {Provided by the SAO/NASA Astrophysics Data System}
}


%%
@book{Goldenfeld:1992qy,
    author = "Goldenfeld, N.",
    title = "{Lectures on phase transitions and the renormalization group}",
    year = "1992"
}

@ARTICLE{2015PhRvB..91h1103L,
       author = {{Luitz}, David J. and {Laflorencie}, Nicolas and {Alet}, Fabien},
        title = "{Many-body localization edge in the random-field Heisenberg chain}",
      journal = {\prb},
     keywords = {75.10.Pq, 05.30.Rt, 72.15.Rn, Spin chain models, Localization effects, Condensed Matter - Disordered Systems and Neural Networks, Condensed Matter - Strongly Correlated Electrons},
         year = 2015,
        month = feb,
       volume = {91},
       number = {8},
          eid = {081103},
        pages = {081103},
          doi = {10.1103/PhysRevB.91.081103},
archivePrefix = {arXiv},
       eprint = {1411.0660},
 primaryClass = {cond-mat.dis-nn},
       adsurl = {https://ui.adsabs.harvard.edu/abs/2015PhRvB..91h1103L},
      adsnote = {Provided by the SAO/NASA Astrophysics Data System}
}

# flux qubit coherence time
@ARTICLE{2003Sci...299.1869C,
       author = {{Chiorescu}, I. and {Nakamura}, Y. and {Harmans}, C.~J.~P.~M. and
         {Mooij}, J.~E.},
        title = "{Coherent Quantum Dynamics of a Superconducting Flux Qubit}",
      journal = {Science},
     keywords = {PHYSICS, Condensed Matter - Mesoscale and Nanoscale Physics, Condensed Matter - Superconductivity},
         year = 2003,
        month = mar,
       volume = {299},
       number = {5614},
        pages = {1869-1872},
          doi = {10.1126/science.1081045},
archivePrefix = {arXiv},
       eprint = {cond-mat/0305461},
 primaryClass = {cond-mat.mes-hall},
       adsurl = {https://ui.adsabs.harvard.edu/abs/2003Sci...299.1869C},
      adsnote = {Provided by the SAO/NASA Astrophysics Data System}
}

@misc{dwave_temp,
author = {D-Wave Systems},
title = {The D-Wave 2000Q Quantum Computer Technology Overview},
url = {https://www.dwavesys.com/sites/default/files/D-Wave%202000Q%20Tech%20Collateral_0117F_0.pdf},
year = 2017,
}

@misc{dwave_offset,
author = {D-Wave Systems},
title = {Boosting integer factoring performance via quantum annealing offsets},
url = {https://www.dwavesys.com/sites/default/files/14-1002A_B_tr_Boosting_integer_factorization_via_quantum_annealing_offsets.pdf},
year = 2016,
}

@misc{dwave_as,
 author = {D-Wave Systems},
 title = {QPU-Specific Anneal Schedules},
 url = {https://support.dwavesys.com/hc/en-us/articles/360005267253-QPU-Specific-Anneal-Schedules},
 year         = 2020,
}

@misc{dwave_as_docu,
 author = {D-Wave Systems},
 title = {Technical Description of the D-Wave Quantum Processing Unit},
 url = {https://docs.dwavesys.com/docs/latest/doc_qpu.html},
 month        = August,
 year         = 2020,
}

@misc{dwave_oceans,
    author       = {D-Wave Systems},
    title        = {D-Wave Cloud Client},
    month        = August,
    year         = 2020,
    version      = {2.5.0},
    url          = {https://github.com/dwavesystems/dwave-ocean-sdk}
    }

@article{Chang:2018uoc,
	author         = "Chang, Chia Cheng and Gambhir, Arjun and Humble, Travis
	S. and Sota, Shigetoshi",
	title          = "{Quantum annealing for systems of polynomial equations}",
	journal        = "Sci. Rep.",
	volume         = "9",
	year           = "2019",
	number         = "1",
	pages          = "10258",
	doi            = "10.1038/s41598-019-46729-0",
	eprint         = "1812.06917",
	archivePrefix  = "arXiv",
	primaryClass   = "quant-ph",
	reportNumber   = "RIKEN-iTHEMS-Report-19, RIKEN-iTHEMS-Report-18",
	SLACcitation   = "%%CITATION = ARXIV:1812.06917;%%"
}

% Github code



@article{Jiang2018,
	title={Quantum Annealing for Prime Factorization},
	author={Shuxian Jiang and Keith A. Britt and Alexander J. McCaskey and Travis S. Humble and Sabre Kais },
	journal={Scientific Reports},
	volume={8},
	pages={17667},
	year={2086}
}


@article{denchev2016computational,
	title={What is the computational value of finite-range tunneling?},
	author={Denchev, Vasil S and Boixo, Sergio and Isakov, Sergei V and Ding, Nan and Babbush, Ryan and Smelyanskiy, Vadim and Martinis, John and Neven, Hartmut},
	journal={Physical Review X},
	volume={6},
	number={3},
	pages={031015},
	year={2016},
	publisher={APS}
}


@article{katzgraber2014glassy,
	title={Glassy chimeras could be blind to quantum speedup: Designing better benchmarks for quantum annealing machines},
	author={Katzgraber, Helmut G and Hamze, Firas and Andrist, Ruben S},
	journal={Physical Review X},
	volume={4},
	number={2},
	pages={021008},
	year={2014},
	publisher={APS}
}


@article{PhysRevA.94.022337,
	title = {Strengths and weaknesses of weak-strong cluster problems: A detailed overview of state-of-the-art classical heuristics versus quantum approaches},
	author = {Mandr\`a, Salvatore and Zhu, Zheng and Wang, Wenlong and Perdomo-Ortiz, Alejandro and Katzgraber, Helmut G.},
	journal = {Phys. Rev. A},
	volume = {94},
	issue = {2},
	pages = {022337},
	numpages = {13},
	year = {2016},
	month = {Aug},
	publisher = {American Physical Society},
	doi = {10.1103/PhysRevA.94.022337},
	url = {https://link.aps.org/doi/10.1103/PhysRevA.94.022337}
}


@article{ronnow2014defining,
	title={Defining and detecting quantum speedup},
	author={R{\o}nnow, Troels F and Wang, Zhihui and Job, Joshua and Boixo, Sergio and Isakov, Sergei V and Wecker, David and Martinis, John M and Lidar, Daniel A and Troyer, Matthias},
	journal={Science},
	volume={345},
	number={6195},
	pages={420--424},
	year={2014},
	publisher={American Association for the Advancement of Science}
}


@article{PhysRevX.8.031016,
	title = {Demonstration of a Scaling Advantage for a Quantum Annealer over Simulated Annealing},
	author = {Albash, Tameem and Lidar, Daniel A.},
	journal = {Phys. Rev. X},
	volume = {8},
	issue = {3},
	pages = {031016},
	numpages = {26},
	year = {2018},
	month = {Jul},
	doi = {10.1103/PhysRevX.8.031016}
}



@article{mandra2018,
	author={Salvatore Mandrà and Helmut G Katzgraber},
	title={A deceptive step towards quantum speedup detection},
	journal={Quantum Science and Technology},
	volume={3},
	number={4},
	pages={04LT01},
	url={http://stacks.iop.org/2058-9565/3/i=4/a=04LT01},
	year={2018},
	abstract={There have been multiple attempts to design synthetic benchmark problems with the goal of detecting quantum speedup in current quantum annealing (QA) machines. To date, classical heuristics have consistently outperformed quantum annealing based approaches. Here we introduce a class of problems based on frustrated cluster loops—deceptive cluster loops—for which all currently known state of-the-art classical heuristics are outperformed by the DW2000Q QA machine. While there is a sizable constant speedup over all known classical heuristics, a noticeable improvement in the scaling remains elusive. These results represent the first steps towards a detection of potential quantum speedup, albeit without a scaling improvement and for synthetic benchmark problems.}
}


% Minor embedding
@ARTICLE{2008arXiv0804.4884C,
	author = {{Choi}, V.},
	title = "{Minor-Embedding in Adiabatic Quantum Computation: I. The Parameter Setting Problem}",
	journal = {ArXiv e-prints},
	archivePrefix = "arXiv",
	eprint = {0804.4884},
	primaryClass = "quant-ph",
	keywords = {Quantum Physics},
	year = 2008,
	month = apr,
	adsurl = {http://adsabs.harvard.edu/abs/2008arXiv0804.4884C},
	adsnote = {Provided by the SAO/NASA Astrophysics Data System}
}


@article{PhysRevB.39.11828,
	title = {Sherrington-Kirkpatrick model in a transverse field: Absence of replica symmetry breaking due to quantum fluctuations},
	author = {Ray, P. and Chakrabarti, B. K. and Chakrabarti, Arunava},
	journal = {Phys. Rev. B},
	volume = {39},
	issue = {16},
	pages = {11828--11832},
	numpages = {0},
	year = {1989},
	month = {Jun},
	publisher = {American Physical Society},
	doi = {10.1103/PhysRevB.39.11828},
	url = {https://link.aps.org/doi/10.1103/PhysRevB.39.11828}
}

@article{RevModPhys.80.1061,
	title = {Colloquium: Quantum annealing and analog quantum computation},
	author = {Das, Arnab and Chakrabarti, Bikas K.},
	journal = {Rev. Mod. Phys.},
	volume = {80},
	issue = {3},
	pages = {1061--1081},
	numpages = {0},
	year = {2008},
	month = {Sep},
	publisher = {American Physical Society},
	doi = {10.1103/RevModPhys.80.1061},
	url = {https://link.aps.org/doi/10.1103/RevModPhys.80.1061}
}


%Nishimori
@ARTICLE{1998PhRvE..58.5355K,
	author = {{Kadowaki}, T. and {Nishimori}, H.},
	title = "{Quantum annealing in the transverse Ising model}",
	journal = {Phys. Rev. E},
	eprint = {cond-mat/9804280},
	keywords = {Quantum statistical mechanics, Spin-glass and other random models, Information theory and communication theory},
	year = 1998,
	month = nov,
	volume = 58,
	pages = {5355-5363},
	doi = {10.1103/PhysRevE.58.5355},
	adsurl = {http://adsabs.harvard.edu/abs/1998PhRvE..58.5355K},
	adsnote = {Provided by the SAO/NASA Astrophysics Data System}
}


%Farhi
@ARTICLE{2000quant.ph..1106F,
	author = {{Farhi}, E. and {Goldstone}, J. and {Gutmann}, S. and {Sipser}, M.
	},
	title = "{Quantum Computation by Adiabatic Evolution}",
	journal = {eprint arXiv:quant-ph/0001106},
	eprint = {quant-ph/0001106},
	keywords = {Quantum Physics},
	year = 2000,
	month = jan,
	adsurl = {http://adsabs.harvard.edu/abs/2000quant.ph..1106F},
	adsnote = {Provided by the SAO/NASA Astrophysics Data System}
}

%chimera
@ARTICLE{2014ITAS...2418294B,
	author = {{Bunyk}, P.~I. and {Hoskinson}, E.~M. and {Johnson}, M.~W. and
	{Tolkacheva}, E. and {Altomare}, F. and {Berkley}, A.~J. and
	{Harris}, R. and {Hilton}, J.~P. and {Lanting}, T. and {Przybysz}, A.~J. and
	{Whittaker}, J.},
	title = "{Architectural Considerations in the Design of a Superconducting Quantum Annealing Processor}",
	journal = {IEEE Transactions on Applied Superconductivity},
	archivePrefix = "arXiv",
	eprint = {1401.5504},
	primaryClass = "quant-ph",
	year = 2014,
	month = aug,
	volume = 24,
	eid = {2318294},
	pages = {2318294},
	doi = {10.1109/TASC.2014.2318294},
	adsurl = {http://adsabs.harvard.edu/abs/2014ITAS...2418294B},
	adsnote = {Provided by the SAO/NASA Astrophysics Data System}
}


@ARTICLE{2017PhRvP...8f4025M,
	author = {{Marshall}, J. and {Rieffel}, E.~G. and {Hen}, I.},
	title = "{Thermalization, Freeze-out, and Noise: Deciphering Experimental Quantum Annealers}",
	journal = {Physical Review Applied},
	archivePrefix = "arXiv",
	eprint = {1703.03902},
	primaryClass = "quant-ph",
	year = 2017,
	month = dec,
	volume = 8,
	number = 6,
	eid = {064025},
	pages = {064025},
	doi = {10.1103/PhysRevApplied.8.064025},
	adsurl = {http://adsabs.harvard.edu/abs/2017PhRvP...8f4025M},
	adsnote = {Provided by the SAO/NASA Astrophysics Data System}
}

@ARTICLE{2016PhRvE..94c2105N,
	author = {{Nishimura}, K. and {Nishimori}, H. and {Ochoa}, A.~J. and {Katzgraber}, H.~G.
	},
	title = "{Retrieving the ground state of spin glasses using thermal noise: Performance of quantum annealing at finite temperatures}",
	journal = {Phys. Rev. E},
	archivePrefix = "arXiv",
	eprint = {1605.03303},
	primaryClass = "cond-mat.dis-nn",
	year = 2016,
	month = sep,
	volume = 94,
	number = 3,
	eid = {032105},
	pages = {032105},
	doi = {10.1103/PhysRevE.94.032105},
	adsurl = {http://adsabs.harvard.edu/abs/2016PhRvE..94c2105N},
	adsnote = {Provided by the SAO/NASA Astrophysics Data System}
}

@ARTICLE{2016PhRvB..93v4414W,
	author = {{Wang}, W. and {Machta}, J. and {Katzgraber}, H.~G.},
	title = "{Bond chaos in spin glasses revealed through thermal boundary conditions}",
	journal = {Phys. Rev. B},
	archivePrefix = "arXiv",
	eprint = {1603.00543},
	primaryClass = "cond-mat.dis-nn",
	year = 2016,
	month = jun,
	volume = 93,
	number = 22,
	eid = {224414},
	pages = {224414},
	doi = {10.1103/PhysRevB.93.224414},
	adsurl = {http://adsabs.harvard.edu/abs/2016PhRvB..93v4414W},
	adsnote = {Provided by the SAO/NASA Astrophysics Data System}
}

@ARTICLE{2015PhRvA..91f2320A,
	author = {{Albash}, T. and {Lidar}, D.~A.},
	title = "{Decoherence in adiabatic quantum computation}",
	journal = {Phys. Rev. A},
	archivePrefix = "arXiv",
	eprint = {1503.08767},
	primaryClass = "quant-ph",
	keywords = {Quantum computation, Decoherence, open systems, quantum statistical methods},
	year = 2015,
	month = jun,
	volume = 91,
	number = 6,
	eid = {062320},
	pages = {062320},
	doi = {10.1103/PhysRevA.91.062320},
	adsurl = {http://adsabs.harvard.edu/abs/2015PhRvA..91f2320A},
	adsnote = {Provided by the SAO/NASA Astrophysics Data System}
}


@ARTICLE{2009PhRvA..79b2107A,
	author = {{Amin}, M.~H.~S. and {Averin}, D.~V. and {Nesteroff}, J.~A.},
	title = "{Decoherence in adiabatic quantum computation}",
	journal = {Phys. Rev. A},
	archivePrefix = "arXiv",
	eprint = {0708.0384},
	primaryClass = "cond-mat.mes-hall",
	keywords = {Decoherence, open systems, quantum statistical methods, Quantum computation},
	year = 2009,
	month = feb,
	volume = 79,
	number = 2,
	eid = {022107},
	pages = {022107},
	doi = {10.1103/PhysRevA.79.022107},
	adsurl = {http://adsabs.harvard.edu/abs/2009PhRvA..79b2107A},
	adsnote = {Provided by the SAO/NASA Astrophysics Data System}
}

@article{Dickson13,
	title = "Thermally assisted quantum annealing of a 16-qubit problem",
	abstract = "Efforts to develop useful quantum computers have been blocked primarily by environmental noise. Quantum annealing is a scheme of quantum computation that is predicted to be more robust against noise, because despite the thermal environment mixing the system's state in the energy basis, the system partially retains coherence in the computational basis, and hence is able to establish well-defined eigenstates. Here we examine the environment's effect on quantum annealing using 16 qubits of a superconducting quantum processor. For a problem instance with an isolated small-gap anticrossing between the lowest two energy levels, we experimentally demonstrate that, even with annealing times eight orders of magnitude longer than the predicted single-qubit decoherence time, the probabilities of performing a successful computation are similar to those expected for a fully coherent system. Moreover, for the problem studied, we show that quantum annealing can take advantage of a thermal environment to achieve a speedup factor of up to 1,000 over a closed system.",
	author = "Dickson, {N. G.} and Johnson, {M. W.} and Amin, {M. H.} and R. Harris and F. Altomare and Berkley, {A. J.} and P. Bunyk and J. Cai and Chapple, {E. M.} and P. Chavez and F. Cioata and T. Cirip and P. Debuen and M. Drew-Brook and C. Enderud and S. Gildert and F. Hamze and Hilton, {J. P.} and E. Hoskinson and K. Karimi and E. Ladizinsky and N. Ladizinsky and T. Lanting and T. Mahon and R. Neufeld and T. Oh and I. Perminov and C. Petroff and A. Przybysz and C. Rich and P. Spear and A. Tcaciuc and Thom, {M. C.} and E. Tolkacheva and S. Uchaikin and J. Wang and Wilson, {A. B.} and Z. Merali and G. Rose",
	year = "2013",
	month = "6",
	day = "12",
	doi = "10.1038/ncomms2920",
	language = "English",
	volume = "4",
	journal = "Nature Communications",
	issn = "2041-1723",
	publisher = "Nature Publishing Group",

}



@ARTICLE{2001Sci...292..472F,
	author = {{Farhi}, E. and {Goldstone}, J. and {Gutmann}, S. and {Lapan}, J. and
	{Lundgren}, A. and {Preda}, D.},
	title = "{A Quantum Adiabatic Evolution Algorithm Applied to Random Instances of an NP-Complete Problem}",
	journal = {Science},
	eprint = {quant-ph/0104129},
	year = 2001,
	month = apr,
	volume = 292,
	pages = {472-476},
	doi = {10.1126/science.1057726},
	adsurl = {http://adsabs.harvard.edu/abs/2001Sci...292..472F},
	adsnote = {Provided by the SAO/NASA Astrophysics Data System}
}


@article{aitken_1936,
	title={IV.—On Least Squares and Linear Combination of Observations},
	volume={55},
	DOI={10.1017/S0370164600014346},
	journal={Proceedings of the Royal Society of Edinburgh},
	publisher={Royal Society of Edinburgh Scotland Foundation},
	author={Aitken, A. C.},
	year={1936},
	pages={42–48}
}


@ARTICLE{2004quant.ph..5098A,
	author = {{Aharonov}, D. and {van Dam}, W. and {Kempe}, J. and {Landau}, Z. and
	{Lloyd}, S. and {Regev}, O.},
	title = "{Adiabatic Quantum Computation is Equivalent to Standard Quantum Computation}",
	journal = {eprint arXiv:quant-ph/0405098},
	eprint = {quant-ph/0405098},
	keywords = {Quantum Physics},
	year = 2004,
	month = may,
	adsurl = {http://adsabs.harvard.edu/abs/2004quant.ph..5098A},
	adsnote = {Provided by the SAO/NASA Astrophysics Data System}
}


@article{citeulike:9077321,
	abstract = {{An iterative algorithm is given for solving a system Ax=k of n linear equations in n unknowns.  The solution is given in n steps.  It is shown that this method is a special case of a very general method which also includes Gaussian elimination.  These general algorithms are essentilaly algorithms for finding an n dimensional ellipsoid.  Connections are made with the theory of orthogonal polynomials and continued fractions.}},
	added-at = {2017-06-29T07:13:07.000+0200},
	author = {Hestenes, Magnus R. and Stiefel, Eduard},
	biburl = {https://www.bibsonomy.org/bibtex/2ad1ecd0242ef1e7c8a02b3f1ea173d28/gdmcbain},
	citeulike-article-id = {9077321},
	citeulike-attachment-1 = {V49N06A08.pdf; /pdf/user/gdmcbain/article/9077321/632277/V49N06A08.pdf; 466daddfb6340c28cb8da548007028c8cc5df687},
	citeulike-linkout-0 = {http://dx.doi.org/10.6028/jres.049.044},
	citeulike-linkout-1 = {http://www.ams.org/mathscinet-getitem?mr=0060307},
	citeulike-linkout-2 = {http://citeseerx.ist.psu.edu/viewdoc/summary?doi=10.1.1.129.6828},
	doi = {10.6028/jres.049.044},
	file = {V49N06A08.pdf},
	interhash = {bcb34a6f8b9fb2f2371e92430116a8ad},
	intrahash = {ad1ecd0242ef1e7c8a02b3f1ea173d28},
	journal = {Journal of Research of the National Bureau of Standards},
	keywords = {65f10-iterative-methods-for-linear-systems},
	month = dec,
	number = 6,
	pages = {409--436},
	posted-at = {2011-03-29 23:49:34},
	priority = {0},
	timestamp = {2017-06-29T07:13:07.000+0200},
	title = {{Methods of Conjugate Gradients for Solving Linear Systems}},
	url = {http://www.ams.org/mathscinet-getitem?mr=0060307},
	volume = 49,
	year = 1952
}


@inproceedings{Boros2012,
	author    = {E. Boros and A. Gruber},
	title     = {On quadratization of pseudo-Boolean functions},
	booktitle = {ISAIM},
	year      = {2012}
}

@article{humble2014integrated,
	title={An integrated programming and development environment for adiabatic quantum optimization},
	author={Humble, Travis S and McCaskey, Alex J and Bennink, Ryan S and Billings, Jay Jay and D'Azevedo, EF and Sullivan, Blair D and Klymko, Christine F and Seddiqi, Hadayat},
	journal={Computational Science and Discovery},
	volume={7},
	number={1},
	pages={015006},
	year={2014},
	publisher={IOP Publishing}
}

@article{Klymko2014,
	author="Christine F. Klymko and Blair D. Sullivan and Travis S. Humble",
	title="Adiabatic quantum programming: minor embedding with hard faults",
	year="2014",
	journal={Quantum Inf. Process.},
	pages={709-729},
	volume=13
}

@article{Choi2008,
	author="V. Choi",
	title="Minor-embedding in adiabatic quantum computation: I. The parameter setting problem",
	journal="Quantum Inf. Process",
	volume="7",
	year="2008",
	pages="193--209"
}

@article{Choi2011,
	author="V. Choi",
	title="Minor-embedding in adiabatic quantum computation: II. Minor-universal graph design",
	journal="Quantum Inf. Process",
	volume="10",
	year="2011",
	pages="343--353"
}

@article{zheng2017solving,
	title={Solving systems of linear equations with a superconducting quantum processor},
	author={Zheng, Yarui and Song, Chao and Chen, Ming-Cheng and Xia, Benxiang and Liu, Wuxin and Guo, Qiujiang and Zhang, Libo and Xu, Da and Deng, Hui and Huang, Keqiang and others},
	journal={Physical review letters},
	volume={118},
	number={21},
	pages={210504},
	year={2017},
	publisher={APS}
}

@article{subasi2018quantum,
	title={Quantum algorithms for linear systems of equations inspired by adiabatic quantum computing},
	author={Subasi, Yigit and Somma, Rolando D and Orsucci, Davide},
	journal={arXiv preprint arXiv:1805.10549},
	year={2018}
}

@article{xin2018quantum,
	title={A Quantum Algorithm for Solving Linear Differential Equations: Theory and Experiment},
	author={Xin, Tao and Wei, Shijie and Cui, Jianlian and Xiao, Junxiang and Arrazola, I{\~n}igo and Lamata, Lucas and Kong, Xiangyu and Lu, Dawei and Solano, Enrique and Long, Guilu},
	journal={arXiv preprint arXiv:1807.04553},
	year={2018}
}

@article{wen2018experimental,
	title={Experimental realization of quantum algorithms for linear system inspired by adiabatic quantum computing},
	author={Wen, Jingwei and Kong, Xiangyu and Wei, Shijie and Xin, Tao and Wang, Bixue and Li, Keren and Zhu, Yuanye and Long, Guilu},
	journal={arXiv preprint arXiv:1806.03295},
	year={2018}
}

@ARTICLE{2013arXiv1303.1377F,
	author = {{Frommer}, Andreas and {Kahl}, Karsten and {Krieg}, Stefan and
	{Leder}, Bj{\"o}rn and {Rottmann}, Matthias},
	title = "{Adaptive Aggregation Based Domain Decomposition Multigrid for the Lattice Wilson Dirac Operator}",
	journal = {arXiv e-prints},
	keywords = {High Energy Physics - Lattice},
	year = "2013",
	month = "Mar",
	eid = {arXiv:1303.1377},
	pages = {arXiv:1303.1377},
	archivePrefix = {arXiv},
	eprint = {1303.1377},
	primaryClass = {hep-lat},
	adsurl = {https://ui.adsabs.harvard.edu/abs/2013arXiv1303.1377F},
	adsnote = {Provided by the SAO/NASA Astrophysics Data System}
}



@article{Fomin2009,
  doi = {10.1145/1552285.1552286},
  url = {https://doi.org/10.1145/1552285.1552286},
  year = {2009},
  month = aug,
  publisher = {Association for Computing Machinery ({ACM})},
  volume = {56},
  number = {5},
  pages = {1--32},
  author = {Fedor V. Fomin and Fabrizio Grandoni and Dieter Kratsch},
  title = {A measure {\&} conquer approach for the analysis of exact algorithms},
  journal = {Journal of the {ACM}}
}

@incollection{vanRooij2009,
  doi = {10.1007/978-3-642-04128-0_50},
  url = {https://doi.org/10.1007/978-3-642-04128-0_50},
  year = {2009},
  publisher = {Springer Berlin Heidelberg},
  pages = {554--565},
  author = {Johan M. M. van Rooij and Jesper Nederlof and Thomas C. van Dijk},
  title = {Inclusion/Exclusion Meets Measure and Conquer},
  booktitle = {Lecture Notes in Computer Science}
}

@ARTICLE{2018Glover,
	author = {{Glover}, Fred and {Kochenberger}, Gary and {Du}, Yu},
	title = "{A Tutorial on Formulating and Using QUBO Models}",
	journal = {arXiv e-prints},
	keywords = {Computer Science - Data Structures and Algorithms, Computer Science - Discrete Mathematics, Mathematics - Optimization and Control, Quantum Physics, 90C27},
	year = 2018,
	month = nov,
	eid = {arXiv:1811.11538},
	pages = {arXiv:1811.11538},
	archivePrefix = {arXiv},
	eprint = {1811.11538},
	primaryClass = {cs.DS},
	adsurl = {https://ui.adsabs.harvard.edu/abs/2018arXiv181111538G},
	adsnote = {Provided by the SAO/NASA Astrophysics Data System}
}


@article{PhysRevE.90.022103,
	title = {Lindblad-equation approach for the full counting statistics of work and heat in driven quantum systems},
	author = {Silaev, Mihail and Heikkil\"a, Tero T. and Virtanen, Pauli},
	journal = {Phys. Rev. E},
	volume = {90},
	issue = {2},
	pages = {022103},
	numpages = {8},
	year = {2014},
	month = {Aug},
	publisher = {American Physical Society},
	doi = {10.1103/PhysRevE.90.022103},
	url = {https://link.aps.org/doi/10.1103/PhysRevE.90.022103}
}


@article{PhysRevB.91.081103,
	title = {Many-body localization edge in the random-field Heisenberg chain},
	author = {Luitz, David J. and Laflorencie, Nicolas and Alet, Fabien},
	journal = {Phys. Rev. B},
	volume = {91},
	issue = {8},
	pages = {081103},
	numpages = {5},
	year = {2015},
	month = {Feb},
	publisher = {American Physical Society},
	doi = {10.1103/PhysRevB.91.081103},
	url = {https://link.aps.org/doi/10.1103/PhysRevB.91.081103}
}


@article{RevModPhys.91.021001,
	title = {Colloquium: Many-body localization, thermalization, and entanglement},
	author = {Abanin, Dmitry A. and Altman, Ehud and Bloch, Immanuel and Serbyn, Maksym},
	journal = {Rev. Mod. Phys.},
	volume = {91},
	issue = {2},
	pages = {021001},
	numpages = {26},
	year = {2019},
	month = {May},
	publisher = {American Physical Society},
	doi = {10.1103/RevModPhys.91.021001},
	url = {https://link.aps.org/doi/10.1103/RevModPhys.91.021001}
}





@article{doi:10.1146/annurev-conmatphys-031214-014726,
	author = {Nandkishore, Rahul and Huse, David A.},
	title = {Many-Body Localization and Thermalization in Quantum Statistical Mechanics},
	journal = {Annual Review of Condensed Matter Physics},
	volume = {6},
	number = {1},
	pages = {15-38},
	year = {2015},
	doi = {10.1146/annurev-conmatphys-031214-014726},

	URL = {
	https://doi.org/10.1146/annurev-conmatphys-031214-014726

	},
	eprint = {
	https://doi.org/10.1146/annurev-conmatphys-031214-014726

	}
}



@article{doi:10.7566/JPSJ.89.044001,
	author = {Takada ,Kabuki and Yamashiro ,Yu and Nishimori ,Hidetoshi},
	title = {Mean-Field Solution of the Weak-Strong Cluster Problem for Quantum Annealing with Stoquastic and Non-Stoquastic Catalysts},
	journal = {Journal of the Physical Society of Japan},
	volume = {89},
	number = {4},
	pages = {044001},
	year = {2020},
	doi = {10.7566/JPSJ.89.044001},

	URL = {
	https://doi.org/10.7566/JPSJ.89.044001

	},
	eprint = {
	https://doi.org/10.7566/JPSJ.89.044001

	}

}


@article{PhysRevA.96.042322,
	title = {Experimental demonstration of perturbative anticrossing mitigation using nonuniform driver Hamiltonians},
	author = {Lanting, Trevor and King, Andrew D. and Evert, Bram and Hoskinson, Emile},
	journal = {Phys. Rev. A},
	volume = {96},
	issue = {4},
	pages = {042322},
	numpages = {8},
	year = {2017},
	month = {Oct},
	publisher = {American Physical Society},
	doi = {10.1103/PhysRevA.96.042322},
	url = {https://link.aps.org/doi/10.1103/PhysRevA.96.042322}
}

@misc{hsu2018quantum,
	title={Quantum annealing with anneal path control: application to 2-SAT problems with known energy landscapes},
	author={Ting-Jui Hsu and Fengping Jin and Christian Seidel and Florian Neukart and Hans De Raedt and Kristel Michielsen},
	year={2018},
	eprint={1810.00194},
	archivePrefix={arXiv},
	primaryClass={quant-ph}
}


@InProceedings{10.1007/978-3-030-14082-3_14,
	author="Yarkoni, Sheir
	and Wang, Hao
	and Plaat, Aske
	and B{\"a}ck, Thomas",
	editor="Feld, Sebastian
	and Linnhoff-Popien, Claudia",
	title="Boosting Quantum Annealing Performance Using Evolution Strategies for Annealing Offsets Tuning",
	booktitle="Quantum Technology and Optimization Problems",
	year="2019",
	publisher="Springer International Publishing",
	address="Cham",
	pages="157--168",
	abstract="In this paper we introduce a novel algorithm to iteratively tune annealing offsets for qubits in a D-Wave 2000Q quantum processing unit (QPU). Using a (1+1)-CMA-ES algorithm, we are able to improve the performance of the QPU by up to a factor of 12.4 in probability of obtaining ground states for small problems, and obtain previously inaccessible (i.e., better) solutions for larger problems. We also make efficient use of QPU samples as a resource, using 100 times less resources than existing tuning methods. The success of this approach demonstrates how quantum computing can benefit from classical algorithms, and opens the door to new hybrid methods of computing.",
	isbn="978-3-030-14082-3"
}


@article{ALET2018498,
	title = "Many-body localization: An introduction and selected topics",
	journal = "Comptes Rendus Physique",
	volume = "19",
	number = "6",
	pages = "498 - 525",
	year = "2018",
	note = "Quantum simulation / Simulation quantique",
	issn = "1631-0705",
	doi = "https://doi.org/10.1016/j.crhy.2018.03.003",
	url = "http://www.sciencedirect.com/science/article/pii/S163107051830032X",
	author = "Fabien Alet and Nicolas Laflorencie",
	keywords = "Many-body localization, Thermalization, Simulations, Entanglement, Localisation à  corps, Thermalisation, Simulations, Intrication"
}


@article{PhysRevB.82.174411,
	title = {Many-body localization phase transition},
	author = {Pal, Arijeet and Huse, David A.},
	journal = {Phys. Rev. B},
	volume = {82},
	issue = {17},
	pages = {174411},
	numpages = {7},
	year = {2010},
	month = {Nov},
	publisher = {American Physical Society},
	doi = {10.1103/PhysRevB.82.174411},
	url = {https://link.aps.org/doi/10.1103/PhysRevB.82.174411}
}


@article{PhysRevLett.109.017202,
	title = {Unbounded Growth of Entanglement in Models of Many-Body Localization},
	author = {Bardarson, Jens H. and Pollmann, Frank and Moore, Joel E.},
	journal = {Phys. Rev. Lett.},
	volume = {109},
	issue = {1},
	pages = {017202},
	numpages = {5},
	year = {2012},
	month = {Jul},
	publisher = {American Physical Society},
	doi = {10.1103/PhysRevLett.109.017202},
	url = {https://link.aps.org/doi/10.1103/PhysRevLett.109.017202}
}


@book{10.5555/1972505,
	author = {Nielsen, Michael A. and Chuang, Isaac L.},
	title = {Quantum Computation and Quantum Information: 10th Anniversary Edition},
	year = {2011},
	isbn = {1107002176},
	publisher = {Cambridge University Press},
	address = {USA},
	edition = {10th}
}

@article{preskill1998lecture,
	title={Lecture notes for physics 229: Quantum information and computation},
	author={Preskill, John},
	journal={California Institute of Technology},
	volume={16},
	year={1998}
}

@article{RevModPhys.81.1665,
	title = {Nonequilibrium fluctuations, fluctuation theorems, and counting statistics in quantum systems},
	author = {Esposito, Massimiliano and Harbola, Upendra and Mukamel, Shaul},
	journal = {Rev. Mod. Phys.},
	volume = {81},
	issue = {4},
	pages = {1665--1702},
	numpages = {0},
	year = {2009},
	month = {Dec},
	publisher = {American Physical Society},
	doi = {10.1103/RevModPhys.81.1665},
	url = {https://link.aps.org/doi/10.1103/RevModPhys.81.1665}
}


@misc{github:cchang5/quantum_linear_programming,
  author = {Chang, Chia Cheng and Chen, Chih-Chieh and K\"o{}rber, Christopher},
  title = {Quantum Linear Programming},
  year = {2020},
  publisher = {GitHub},
  journal = {GitHub repository},
  howpublished = {\url{https://github.com/cchang5/quantum_linear_programming} \texttt{tag: arXiv}},
  tag = {arXiv},
}

@article{Chang:2019khk,
    author = {Chang, Chia Cheng and K\"orber, Christopher and Walker-Loud, Andr\'e},
    title = "{EspressoDB: A scientific database for managing high-performance computing workflows}",
    eprint = "1912.03580",
    archivePrefix = "arXiv",
    primaryClass = "hep-lat",
    reportNumber = "RIKEN-iTHEMS-Report-19",
    doi = "10.21105/joss.02007",
    journal = "J. Open Source Softw.",
    volume = "5",
    number = "46",
    pages = "2007",
    year = "2020"
}
